
@online{_iso_????,
	title = {{ISO} 7816-4: Interindustry Command for Interchange {ISO}7816 4 smart card standard},
	url = {http://www.cardwerk.com/smartcards/smartcard_standard_ISO7816-4.aspx},
	urldate = {2016-01-18},
	file = {ISO 7816-4\: Interindustry Command for Interchange ISO7816 4 smart card standard:/home/ohli/.mozilla/firefox/vfs0dt7z.default/zotero/storage/XZ4CNUJD/smartcard_standard_ISO7816-4.html:text/html}
}

@online{_accessing_????,
	title = {Accessing the embedded secure element in Android 4.x},
	url = {http://nelenkov.blogspot.nl/2012/08/accessing-embedded-secure-element-in.html},
	urldate = {2015-11-27},
	file = {Snapshot:/home/ohli/.mozilla/firefox/vfs0dt7z.default/zotero/storage/IIQFHISG/accessing-embedded-secure-element-in.html:text/html}
}

@online{_host-based_????,
	title = {Host-based Card Emulation {\textbar} Android Developers},
	url = {https://developer.android.com/guide/topics/connectivity/nfc/hce.html},
	urldate = {2015-11-27},
	file = {Host-based Card Emulation | Android Developers:/home/ohli/.mozilla/firefox/vfs0dt7z.default/zotero/storage/HTIEEEZ3/hce.html:text/html}
}

@online{_peer--peer_????,
	title = {Peer-to-peer communication using {NFC} in Android 4.4},
	url = {http://blog.opendatalab.de/hack/2013/11/25/android-p2p-nfc/},
	abstract = {Using the host-based card emulation mode for peer-to-peer communication.},
	urldate = {2015-11-27},
	file = {Snapshot:/home/ohli/.mozilla/firefox/vfs0dt7z.default/zotero/storage/HIJMNA2V/android-p2p-nfc.html:text/html}
}

@article{tag_ntag210/212_????,
	title = {{NTAG}210/212},
	url = {http://citeseerx.ist.psu.edu/viewdoc/download?doi=10.1.1.434.4624&rep=rep1&type=pdf},
	author = {{TAG}, {NFC}},
	urldate = {2015-11-27},
	file = {NTAG213_215_216.pdf:/home/ohli/.mozilla/firefox/vfs0dt7z.default/zotero/storage/MMMU2K2N/NTAG213_215_216.pdf:application/pdf}
}